|0000|LECD|01012023|31122023|TRANSAMERICA DE HOTEIS NORDESTE LTDA|13432810000169|BA|23186523|2932507|554||3|1|1||0|0||N|N|0|1|1|
|0001|0|
|0007|BA|0001|
|0990|4|
|I001|0|
|I010|G|9.00|
|I012|1|Teste|0||
|I015|1.1.1|
|I030|Teste|0||0||||||||
|I990|6|
|9001|0|
|9900|0000|1|
|9900|0001|1|
|9900|0007|1|
|9900|0990|1|
|9900|I001|1|
|9900|I010|1|
|9900|I012|1|
|9900|I015|1|
|9900|I030|1|
|9900|I990|1|
|9900|9001|1|
|9900|9900|14|
|9900|9990|1|
|9900|9999|1|
|9990|17|
|9999|27|
