|0000|LECD|01012023|31122023|TRANSAMERICA DE HOTEIS NORDESTE LTDA|13432810000169|BA|23186523|2932507|554||3|1|1||0|0||N|N|0|1|1|
|0001|0|
|0007|BA|0001|
|0990|4|
|I001|0|
|I010|G|9.00|
|I030|TERMO DE ABERTURA|333|livro diaro|23|TRANSAMERICA DE HOTEIS NORDESTE LTDA|13432810000169|29203275327|07012025|07012025|Una|31122023|
|I990|4|
|9001|0|
|9900|0000|1|
|9900|0001|1|
|9900|0007|1|
|9900|0990|1|
|9900|I001|1|
|9900|I010|1|
|9900|I030|1|
|9900|I990|1|
|9900|9001|1|
|9900|9900|12|
|9900|9990|1|
|9900|9999|1|
|9990|15|
|9999|23|
