|0000|LECD|01012023|31122023|TRANSAMERICA DE HOTEIS NORDESTE LTDA|13432810000169|BA|23186523|2932507|554||3|1|1||0|0||N|N|0|1|1|
|0001|0|
|0007|BA|0001|
|0990|4|
|I001|0|
|I010|G|9.00|
|I030|TERMO DE ABERTURA|333|livro diaro|52|TRANSAMERICA DE HOTEIS NORDESTE LTDA|13432810000169|29203275327|07012025|07012025|Una|31122023|
|I050|01082023|01|S|1|1||ATIVO|
|I050|01082023|01|S|2|11|1|ATIVO CIRCULANTE|
|I050|01082023|01|S|3|111|11|DISPONIBILIDADES|
|I050|01082023|01|S|4|11101|111|CAIXA GERAL|
|I050|01082023|01|A|5|11101001|11101|CAIXA FUNDO FIXO - TESOURARIA GERAL|
|I051||1.01.01.01.01|
|I052||18002550|
|I050|01082023|01|A|5|11101002|11101|CAIXA FUNDO FIXO - COMPRAS SP|
|I051||1.01.01.01.01|
|I052||18002550|
|I050|01082023|01|A|5|11101005|11101|CAIXA FUNDO FIXO - RH|
|I051||1.01.01.01.01|
|I052||18002550|
|I050|01082023|01|A|5|11101007|11101|CAIXA FUNDO FIXO - TRANSPORTE|
|I051||1.01.01.01.01|
|I052||18002550|
|I050|01082023|01|A|5|11101008|11101|NUMERARIOS EM TRANSITO|
|I051||1.01.01.04.01|
|I052||18002550|
|I050|01082023|01|S|4|11102|111|BANCOS CONTA MOVIMENTO|
|I050|01082023|01|A|5|11102001|11102|BANCO BRADESCO|
|I051||1.01.01.02.01|
|I052||18002551|
|I050|01082023|01|A|5|11102002|11102|BANCO SANTANDER|
|I051||1.01.01.02.01|
|I052||18002551|
|I990|30|
|9001|0|
|9900|0000|1|
|9900|0001|1|
|9900|0007|1|
|9900|0990|1|
|9900|I001|1|
|9900|I010|1|
|9900|I030|1|
|9900|I050|12|
|9900|I051|7|
|9900|I052|7|
|9900|I990|1|
|9900|9001|1|
|9900|9900|15|
|9900|9990|1|
|9900|9999|1|
|9990|18|
|9999|52|
